@article{hailey2008ubuntu,
  title={Ubuntu: A literature review},
  author={Hailey, John},
  journal={Document. London: Tutu Foundation},
  year={2008},
  publisher={Citeseer}
}

@inproceedings{de2010new,
  title={The new linux’perf’tools},
  author={De Melo, Arnaldo Carvalho},
  booktitle={Slides from Linux Kongress},
  volume={18},
  pages={1--42},
  year={2010}
}
